@article{greenwade93,
    author  = "George D. Greenwade",
    title   = "The {C}omprehensive {T}ex {A}rchive {N}etwork ({CTAN})",
    year    = "1993",
    journal = "TUGBoat",
    volume  = "14",
    number  = "3",
    pages   = "342--351"
}


@misc{owasp2024,
  author = {{OWASP Foundation}},
  title = {OWASP Top Ten},
  year = {2024},
  howpublished = {\url{https://owasp.org/www-project-top-ten/}},
  note = {Accessed: 2024-05-10}
}

@misc{comparitech2024,
  author = {Paul Bischoff},
  title = {DDoS Statistics, Facts, and History},
  year = {2024},
  howpublished = {\url{https://www.comparitech.com/blog/information-security/ddos-statistics-facts/}},
  note = {Accessed: 2024-05-10}
}